<?xml version="1.0" encoding="UTF-8"?>
<collection xmlns:xsi="http://www.w3.org/2001/XMLSchema-instance" xsi:schemaLocation="http://www.loc.gov/MARC21/slim http://www.loc.gov/standards/marcxml/schema/MARC21slim.xsd" xmlns="http://www.loc.gov/MARC21/slim">
<record>
  <leader>01816cam a2200349 a 4500</leader>
  <controlfield tag="001">4970427</controlfield>
  <controlfield tag="003">NNC</controlfield>
  <controlfield tag="005">20140127005136.0</controlfield>
  <controlfield tag="008">970903r19891994ir       b    000 0 ara d</controlfield>
  <datafield tag="035" ind1=" " ind2=" ">
    <subfield code="a">(OCoLC)507479343</subfield>
  </datafield>
  <datafield tag="035" ind1=" " ind2=" ">
    <subfield code="a">(OCoLC)ocn507479343</subfield>
  </datafield>
  <datafield tag="035" ind1=" " ind2=" ">
    <subfield code="a">(NNC)4970427</subfield>
  </datafield>
  <datafield tag="040" ind1=" " ind2=" ">
    <subfield code="a">CtY</subfield>
    <subfield code="c">CtY</subfield>
    <subfield code="d">NNC</subfield>
  </datafield>
  <datafield tag="066" ind1=" " ind2=" ">
    <subfield code="c">(3</subfield>
  </datafield>
  <datafield tag="100" ind1="1" ind2=" ">
    <subfield code="6">880-01</subfield>
    <subfield code="a">Murawwij, Muḥammad Jaʻfar al-Jazāʼirī.</subfield>
  </datafield>
  <datafield tag="245" ind1="1" ind2="0">
    <subfield code="6">880-02</subfield>
    <subfield code="a">Muntahá al-dirāyah fī tawḍīḥ al-Kifāyah /</subfield>
    <subfield code="c">taʾlīf Muḥammad Jaʻfar al-Jazāʾirī al-Murawwij.</subfield>
  </datafield>
  <datafield tag="250" ind1=" " ind2=" ">
    <subfield code="a">al-Ṭabʻah 6.</subfield>
  </datafield>
  <datafield tag="260" ind1=" " ind2=" ">
    <subfield code="6">880-03</subfield>
    <subfield code="a">Qum, Īrān :</subfield>
    <subfield code="b">Muʾassasat Dār al-Kitāb al-Jazāʾirī lil-Ṭibāʻah wa-al-Nashr,</subfield>
    <subfield code="c">1410-1415 [1989 or 1990-1994 or 1995]-</subfield>
  </datafield>
  <datafield tag="300" ind1=" " ind2=" ">
    <subfield code="a">8 v. ;</subfield>
    <subfield code="c">25 cm.</subfield>
  </datafield>
  <datafield tag="500" ind1=" " ind2=" ">
    <subfield code="a">Title page partially vocalized.</subfield>
  </datafield>
  <datafield tag="500" ind1=" " ind2=" ">
    <subfield code="a">Edition varies.</subfield>
  </datafield>
  <datafield tag="504" ind1=" " ind2=" ">
    <subfield code="a">Includes bibliographical references.</subfield>
  </datafield>
  <datafield tag="534" ind1=" " ind2=" ">
    <subfield code="p">Reprint. Originally published:</subfield>
    <subfield code="c">[Qum] : Maṭbaʻat al-Najaf, 1388 [1968 or 1969].</subfield>
  </datafield>
  <datafield tag="600" ind1="1" ind2="0">
    <subfield code="a">Khurāsānī, Muḥammad Kāẓim,</subfield>
    <subfield code="d">1839 or 1840-1911.</subfield>
    <subfield code="t">Kifāyat al-uṣūl.</subfield>
  </datafield>
  <datafield tag="650" ind1=" " ind2="0">
    <subfield code="a">Islamic law</subfield>
    <subfield code="x">Interpretation and construction.</subfield>
  </datafield>
  <datafield tag="700" ind1="1" ind2="2">
    <subfield code="6">880-04</subfield>
    <subfield code="a">Khurāsānī, Muḥammad Kāẓim,</subfield>
    <subfield code="d">1839 or 1840-1911.</subfield>
    <subfield code="t">Kifāyat al-uṣūl.</subfield>
  </datafield>
  <datafield tag="740" ind1="0" ind2="2">
    <subfield code="6">880-05</subfield>
    <subfield code="a">Kifāyat al-uṣūl.</subfield>
  </datafield>
  <datafield tag="880" ind1="1" ind2=" ">
    <subfield code="6">100-01/(3/r</subfield>
    <subfield code="a">مروج، محمد جعفر الجزائري.</subfield>
  </datafield>
  <datafield tag="880" ind1="1" ind2="0">
    <subfield code="6">245-02/(3/r</subfield>
    <subfield code="a">منتهى الدراية في توضيح الكفاية /</subfield>
    <subfield code="c">تأليف محمد جعفر الجزائري المروج.</subfield>
  </datafield>
  <datafield tag="880" ind1=" " ind2=" ">
    <subfield code="6">260-03/(3/r</subfield>
    <subfield code="a">قم، ايران :</subfield>
    <subfield code="b">مؤسسة دار الكتاب الجزائري للطباعة والنشر،</subfield>
    <subfield code="c">1415- [1994 or 1995- ]</subfield>
  </datafield>
  <datafield tag="880" ind1="1" ind2="2">
    <subfield code="6">700-04/(3/r</subfield>
    <subfield code="a">خراساني، محمد كاظم,</subfield>
    <subfield code="d">1839 or 1840-1911.</subfield>
    <subfield code="t">كفاية الأصول.</subfield>
  </datafield>
  <datafield tag="880" ind1="0" ind2="2">
    <subfield code="6">740-05/(3/r</subfield>
    <subfield code="a">كفاية الأصول.</subfield>
  </datafield>
  <datafield tag="955" ind1=" " ind2=" ">
    <subfield code="b">0063919087</subfield>
    <subfield code="d">glx</subfield>
    <subfield code="e">KBL .M8668 1989g</subfield>
    <subfield code="v">v.7</subfield>
  </datafield>
</record>
</collection>